<?xml version="1.0" encoding="UTF-8"?>
<!DOCTYPE html PUBLIC "-//W3C//DTD XHTML 1.0 Transitional//EN"
    "http://www.w3.org/TR/xhtml1/DTD/xhtml1-transitional.dtd">
<html xmlns="http://www.w3.org/1999/xhtml" xml:lang="en" lang="en">
 <head>
  <title>
</title>
<meta http-equiv="Content-Type" content="text/html;charset=utf-8" />
  <meta name='ocr-system' content='tesseract 3.04.00' />
  <meta name='ocr-capabilities' content='ocr_page ocr_carea ocr_par ocr_line ocrx_word'/>
</head>
<body>
  <div class='ocr_page' id='page_1' title='image "./fungorumquiinba00unkngoog_0027.png"; bbox 0 0 5234 6625; ppageno 0'>
   <div class='ocr_carea' id='block_1_1' title="bbox 868 661 4192 2292">
    <p class='ocr_par' dir='ltr' id='par_1_1' title="bbox 868 661 4192 2292">
     <span class='ocr_line' id='line_1_1' title="bbox 868 661 4192 2292; baseline 0 -820"><span class='ocrx_word' id='word_1_1' title='bbox 868 661 4192 2292; x_wconf 95' lang='lat' dir='ltr'>     </span> 
     </span>
    </p>
   </div>
   <div class='ocr_carea' id='block_1_2' title="bbox 887 1643 4192 2340">
    <p class='ocr_par' dir='ltr' id='par_1_2' title="bbox 868 1643 4192 2340">
     <span class='ocr_line' id='line_1_2' title="bbox 1068 1643 4192 1841; baseline 0.012 -64.593"><span class='ocrx_word' id='word_1_2' title='bbox 868 1643 1823 1838; x_wconf 59' lang='lat' dir='ltr'>fiaximam</span> <span class='ocrx_word' id='word_1_3' title='bbox 1854 1689 2279 1792; x_wconf 90' lang='lat' dir='ltr'>omnino</span> <span class='ocrx_word' id='word_1_4' title='bbox 2319 1692 2784 1823; x_wconf 81' lang='lat' dir='ltr'>percipio</span> <span class='ocrx_word' id='word_1_5' title='bbox 2834 1690 3538 1825; x_wconf 84' lang='lat' dir='ltr'>voluptatem,</span> <span class='ocrx_word' id='word_1_6' title='bbox 3612 1729 3943 1834; x_wconf 90' lang='lat' dir='ltr'>quum</span> <span class='ocrx_word' id='word_1_7' title='bbox 3990 1711 4192 1841; x_wconf 89' lang='lat' dir='ltr'>pri-</span> 
     </span>
     <span class='ocr_line' id='line_1_3' title="bbox 887 1819 4188 2004; baseline 0.003 -43.995"><span class='ocrx_word' id='word_1_8' title='bbox 887 1937 1015 1968; x_wconf 83' lang='lat'>.</span> <span class='ocrx_word' id='word_1_9' title='bbox 1085 1819 1365 2004; x_wconf 62' lang='grc' dir='ltr'><em>ξ</em></span> <span class='ocrx_word' id='word_1_10' title='bbox 1453 1884 1625 1956; x_wconf 48' lang='lat' dir='ltr'>‘mu</span> <span class='ocrx_word' id='word_1_11' title='bbox 1641 1888 1741 1956; x_wconf 81' lang='lat' dir='ltr'>rn</span> <span class='ocrx_word' id='word_1_12' title='bbox 1797 1873 2207 1964; x_wconf 85' lang='lat' dir='ltr'>tomum</span> <span class='ocrx_word' id='word_1_13' title='bbox 2267 1868 2637 1971; x_wconf 83' lang='lat' dir='ltr'>iconum</span> <span class='ocrx_word' id='word_1_14' title='bbox 2675 1861 3218 1997; x_wconf 72' lang='lat' dir='ltr'><em>fungorum</em></span> <span class='ocrx_word' id='word_1_15' title='bbox 3275 1864 4010 1975; x_wconf 84' lang='lat' dir='ltr'>BAVARIAE</span> <span class='ocrx_word' id='word_1_16' title='bbox 4061 1902 4188 1970; x_wconf 76' lang='lat' dir='ltr'>m·</span> 
     </span>
     <span class='ocr_line' id='line_1_4' title="bbox 940 2024 4187 2169; baseline -0.003 -17.195"><span class='ocrx_word' id='word_1_17' title='bbox 940 2060 979 2088; x_wconf 65' lang='lat'><em>⁴</em></span> <span class='ocrx_word' id='word_1_18' title='bbox 1457 2024 2491 2161; x_wconf 60' lang='lat' dir='ltr'>PALATINATVS,</span> <span class='ocrx_word' id='word_1_19' title='bbox 2525 2039 2894 2141; x_wconf 83' lang='lat' dir='ltr'>natiuis</span> <span class='ocrx_word' id='word_1_20' title='bbox 2934 2040 3405 2142; x_wconf 84' lang='lat' dir='ltr'>coloribus</span> <span class='ocrx_word' id='word_1_21' title='bbox 3443 2034 4187 2169; x_wconf 83' lang='lat' dir='ltr'>expreffarum,</span> 
     </span>
     <span class='ocr_line' id='line_1_5' title="bbox 969 2186 4186 2340; baseline 0.009 -52.784"><span class='ocrx_word' id='word_1_22' title='bbox 944 2186 1117 2288; x_wconf 51' lang='lat' dir='ltr'>s*</span> <span class='ocrx_word' id='word_1_23' title='bbox 1449 2200 1593 2299; x_wconf 82' lang='lat' dir='ltr'>rei</span> <span class='ocrx_word' id='word_1_24' title='bbox 1653 2195 2209 2333; x_wconf 80' lang='lat' dir='ltr'>herbariae</span> <span class='ocrx_word' id='word_1_25' title='bbox 2252 2200 2724 2334; x_wconf 76' lang='lat' dir='ltr'>studiosis</span> <span class='ocrx_word' id='word_1_26' title='bbox 2768 2196 3313 2329; x_wconf 83' lang='lat' dir='ltr'>offerre,&amp;</span> <span class='ocrx_word' id='word_1_27' title='bbox 3344 2203 3639 2340; x_wconf 87' lang='lat' dir='ltr'>quafi</span> <span class='ocrx_word' id='word_1_28' title='bbox 3675 2205 3784 2311; x_wconf 91' lang='lat' dir='ltr'>in</span> <span class='ocrx_word' id='word_1_29' title='bbox 3817 2234 4186 2314; x_wconf 87' lang='lat' dir='ltr'>manus</span> 
     </span>
    </p>
   </div>
   <div class='ocr_carea' id='block_1_3' title="bbox 993 2358 4191 3054">
    <p class='ocr_par' dir='ltr' id='par_1_3' title="bbox 993 2358 3853 2507">
     <span class='ocr_line' id='line_1_6' title="bbox 993 2358 3853 2507; baseline 0.005 -36"><span class='ocrx_word' id='word_1_30' title='bbox 993 2362 1451 2491; x_wconf 80' lang='lat' dir='ltr'>tradere,</span> <span class='ocrx_word' id='word_1_31' title='bbox 1505 2358 1762 2468; x_wconf 78' lang='lat' dir='ltr'>mihi</span> <span class='ocrx_word' id='word_1_32' title='bbox 1819 2367 2393 2507; x_wconf 82' lang='lat' dir='ltr'>contingat.</span> <span class='ocrx_word' id='word_1_33' title='bbox 3847 2478 3853 2484; x_wconf 84' lang='lat'><strong>.</strong></span> 
     </span>
    </p>

    <p class='ocr_par' dir='ltr' id='par_1_4' title="bbox 1003 2570 4191 3054">
     <span class='ocr_line' id='line_1_7' title="bbox 1211 2570 4190 2711; baseline 0 -34"><span class='ocrx_word' id='word_1_34' title='bbox 1211 2571 1358 2677; x_wconf 88' lang='lat' dir='ltr'>Et</span> <span class='ocrx_word' id='word_1_35' title='bbox 1403 2571 2103 2709; x_wconf 89' lang='lat' dir='ltr'>posteaquam</span> <span class='ocrx_word' id='word_1_36' title='bbox 2158 2575 2462 2679; x_wconf 89' lang='lat' dir='ltr'>amici</span> <span class='ocrx_word' id='word_1_37' title='bbox 2513 2573 2953 2711; x_wconf 88' lang='lat' dir='ltr'>quidam</span> <span class='ocrx_word' id='word_1_38' title='bbox 3003 2604 3224 2680; x_wconf 94' lang='lat' dir='ltr'>non</span> <span class='ocrx_word' id='word_1_39' title='bbox 3277 2570 3714 2680; x_wconf 76' lang='lat' dir='ltr'>obscure</span> <span class='ocrx_word' id='word_1_40' title='bbox 3769 2573 4024 2680; x_wconf 86' lang='lat' dir='ltr'>mihi</span> <span class='ocrx_word' id='word_1_41' title='bbox 4069 2573 4190 2677; x_wconf 85' lang='lat' dir='ltr'>fi-</span> 
     </span>
     <span class='ocr_line' id='line_1_8' title="bbox 1003 2742 4191 2890; baseline 0.002 -38"><span class='ocrx_word' id='word_1_42' title='bbox 1003 2742 1638 2889; x_wconf 74' lang='lat' dir='ltr'>gnificarunt</span> <span class='ocrx_word' id='word_1_43' title='bbox 1691 2748 2353 2882; x_wconf 86' lang='lat' dir='ltr'>defiderium,</span> <span class='ocrx_word' id='word_1_44' title='bbox 2391 2752 2554 2856; x_wconf 85' lang='lat' dir='ltr'>alii</span> <span class='ocrx_word' id='word_1_45' title='bbox 2599 2753 2919 2859; x_wconf 87' lang='lat' dir='ltr'>etiam</span> <span class='ocrx_word' id='word_1_46' title='bbox 2972 2753 3424 2884; x_wconf 81' lang='lat' dir='ltr'>apertius</span> <span class='ocrx_word' id='word_1_47' title='bbox 3472 2779 3893 2857; x_wconf 88' lang='lat' dir='ltr'>mecum</span> <span class='ocrx_word' id='word_1_48' title='bbox 3948 2782 4191 2890; x_wconf 83' lang='lat' dir='ltr'>ege-</span> 
     </span>
     <span class='ocr_line' id='line_1_9' title="bbox 1005 2917 4191 3054; baseline 0.001 -29"><span class='ocrx_word' id='word_1_49' title='bbox 1005 2934 1286 3047; x_wconf 89' lang='lat' dir='ltr'>runt,</span> <span class='ocrx_word' id='word_1_50' title='bbox 1337 2930 1468 3025; x_wconf 86' lang='lat' dir='ltr'>vt</span> <span class='ocrx_word' id='word_1_51' title='bbox 1518 2945 2027 3052; x_wconf 81' lang='lat' dir='ltr'>curarem,</span> <span class='ocrx_word' id='word_1_52' title='bbox 2092 2950 2232 3026; x_wconf 92' lang='lat' dir='ltr'>ne</span> <span class='ocrx_word' id='word_1_53' title='bbox 2280 2949 2547 3054; x_wconf 87' lang='lat' dir='ltr'>opus</span> <span class='ocrx_word' id='word_1_54' title='bbox 2603 2917 2855 3049; x_wconf 88' lang='lat' dir='ltr'>hoc,</span> <span class='ocrx_word' id='word_1_55' title='bbox 2907 2921 3012 3029; x_wconf 71' lang='lat' dir='ltr'>&lt;Sc</span> <span class='ocrx_word' id='word_1_56' title='bbox 3058 2921 3374 3049; x_wconf 90' lang='lat' dir='ltr'>mole,</span> <span class='ocrx_word' id='word_1_57' title='bbox 3444 2921 3550 3027; x_wconf 68' lang='grc' dir='ltr'>ἀ</span> <span class='ocrx_word' id='word_1_58' title='bbox 3593 2919 3972 3050; x_wconf 87' lang='lat' dir='ltr'>sumtu,</span> <span class='ocrx_word' id='word_1_59' title='bbox 4041 2926 4191 3028; x_wconf 87' lang='lat' dir='ltr'>ni-</span> 
     </span>
    </p>
   </div>
   <div class='ocr_carea' id='block_1_4' title="bbox 999 3086 4188 3378">
    <p class='ocr_par' dir='ltr' id='par_1_5' title="bbox 999 3086 4188 3378">
     <span class='ocr_line' id='line_1_10' title="bbox 999 3086 4188 3226; baseline -0.001 -27"><span class='ocrx_word' id='word_1_60' title='bbox 999 3097 1327 3201; x_wconf 89' lang='lat' dir='ltr'>mium</span> <span class='ocrx_word' id='word_1_61' title='bbox 1378 3095 2066 3226; x_wconf 74' lang='lat' dir='ltr'>excresceret,</span> <span class='ocrx_word' id='word_1_62' title='bbox 2135 3090 2421 3220; x_wconf 89' lang='lat' dir='ltr'>huic,</span> <span class='ocrx_word' id='word_1_63' title='bbox 2484 3091 3042 3225; x_wconf 89' lang='lat' dir='ltr'>quodiam</span> <span class='ocrx_word' id='word_1_64' title='bbox 3088 3091 3196 3195; x_wconf 92' lang='lat' dir='ltr'>in</span> <span class='ocrx_word' id='word_1_65' title='bbox 3221 3086 3763 3223; x_wconf 86' lang='lat' dir='ltr'>publicum</span> <span class='ocrx_word' id='word_1_66' title='bbox 3790 3092 4188 3224; x_wconf 82' lang='lat' dir='ltr'>prodit,</span> 
     </span>
     <span class='ocr_line' id='line_1_11' title="bbox 1001 3261 3071 3378; baseline -0.005 -1"><span class='ocrx_word' id='word_1_67' title='bbox 1001 3266 1513 3378; x_wconf 81' lang='lat' dir='ltr'>volumini</span> <span class='ocrx_word' id='word_1_68' title='bbox 1563 3294 1780 3371; x_wconf 93' lang='lat' dir='ltr'>non</span> <span class='ocrx_word' id='word_1_69' title='bbox 1832 3264 2018 3372; x_wconf 85' lang='lat' dir='ltr'>nifi</span> <span class='ocrx_word' id='word_1_70' title='bbox 2068 3264 2502 3371; x_wconf 83' lang='lat' dir='ltr'>Vnicum</span> <span class='ocrx_word' id='word_1_71' title='bbox 2551 3261 3071 3372; x_wconf 90' lang='lat' dir='ltr'>succedet.</span> 
     </span>
    </p>
   </div>
   <div class='ocr_carea' id='block_1_5' title="bbox 999 3468 4190 3764">
    <p class='ocr_par' dir='ltr' id='par_1_6' title="bbox 999 3468 4190 3764">
     <span class='ocr_line' id='line_1_12' title="bbox 1220 3468 4187 3612; baseline 0 -34"><span class='ocrx_word' id='word_1_72' title='bbox 1220 3471 1540 3579; x_wconf 87' lang='lat' dir='ltr'>Sicuti</span> <span class='ocrx_word' id='word_1_73' title='bbox 1607 3470 1821 3576; x_wconf 89' lang='lat' dir='ltr'>hoc</span> <span class='ocrx_word' id='word_1_74' title='bbox 1888 3475 2172 3605; x_wconf 76' lang='lat' dir='ltr'>agari</span> <span class='ocrx_word' id='word_1_75' title='bbox 2171 3505 2368 3594; x_wconf 86' lang='lat' dir='ltr'>cos,</span> <span class='ocrx_word' id='word_1_76' title='bbox 2441 3474 2743 3608; x_wconf 89' lang='lat' dir='ltr'>quod</span> <span class='ocrx_word' id='word_1_77' title='bbox 2812 3502 3143 3612; x_wconf 81' lang='lat' dir='ltr'>genus</span> <span class='ocrx_word' id='word_1_78' title='bbox 3222 3468 3792 3607; x_wconf 79' lang='lat' dir='ltr'>fungorum</span> <span class='ocrx_word' id='word_1_79' title='bbox 3854 3477 4187 3581; x_wconf 86' lang='lat' dir='ltr'>multo</span> 
     </span>
     <span class='ocr_line' id='line_1_13' title="bbox 999 3632 4190 3764; baseline 0.001 -23"><span class='ocrx_word' id='word_1_80' title='bbox 999 3632 1933 3741; x_wconf 81' lang='lat' dir='ltr'>numerofiffimum</span> <span class='ocrx_word' id='word_1_81' title='bbox 2000 3634 2188 3764; x_wconf 90' lang='lat' dir='ltr'>est,</span> <span class='ocrx_word' id='word_1_82' title='bbox 2255 3637 2362 3742; x_wconf 89' lang='lat' dir='ltr'>in</span> <span class='ocrx_word' id='word_1_83' title='bbox 2413 3636 2517 3742; x_wconf 91' lang='lat' dir='ltr'>se</span> <span class='ocrx_word' id='word_1_84' title='bbox 2589 3638 2938 3742; x_wconf 89' lang='lat' dir='ltr'>contin</span> <span class='ocrx_word' id='word_1_85' title='bbox 2950 3650 3112 3756; x_wconf 62' lang='lat' dir='ltr'>etz:</span> <span class='ocrx_word' id='word_1_86' title='bbox 3238 3633 3388 3738; x_wconf 89' lang='lat' dir='ltr'>ita</span> <span class='ocrx_word' id='word_1_87' title='bbox 3454 3632 3896 3737; x_wconf 90' lang='lat' dir='ltr'>alterum</span> <span class='ocrx_word' id='word_1_88' title='bbox 3965 3642 4190 3744; x_wconf 92' lang='lat' dir='ltr'>reli-</span> 
     </span>
    </p>
   </div>
   <div class='ocr_carea' id='block_1_6' title="bbox 999 3805 4190 4109">
    <p class='ocr_par' dir='ltr' id='par_1_7' title="bbox 999 3805 4190 4109">
     <span class='ocr_line' id='line_1_14' title="bbox 1004 3805 4190 3948; baseline 0.003 -36"><span class='ocrx_word' id='word_1_89' title='bbox 1004 3834 1223 3942; x_wconf 91' lang='lat' dir='ltr'>qua</span> <span class='ocrx_word' id='word_1_90' title='bbox 1277 3808 2027 3942; x_wconf 62' lang='lat' dir='ltr'>complectetur</span> <span class='ocrx_word' id='word_1_91' title='bbox 2087 3838 2532 3948; x_wconf 75' lang='lat' dir='ltr'>genera,</span> <span class='ocrx_word' id='word_1_92' title='bbox 2640 3809 3159 3947; x_wconf 88' lang='lat' dir='ltr'>speroque</span> <span class='ocrx_word' id='word_1_93' title='bbox 3209 3805 3479 3935; x_wconf 83' lang='lat' dir='ltr'>fore,</span> <span class='ocrx_word' id='word_1_94' title='bbox 3546 3821 3675 3912; x_wconf 86' lang='lat' dir='ltr'>vt</span> <span class='ocrx_word' id='word_1_95' title='bbox 3731 3808 3973 3913; x_wconf 83' lang='lat' dir='ltr'>anni</span> <span class='ocrx_word' id='word_1_96' title='bbox 4024 3807 4190 3920; x_wconf 80' lang='lat' dir='ltr'>fu-</span> 
     </span>
     <span class='ocr_line' id='line_1_15' title="bbox 999 3974 3060 4109; baseline -0 -29"><span class='ocrx_word' id='word_1_97' title='bbox 999 3975 1205 4080; x_wconf 83' lang='lat' dir='ltr'>turi</span> <span class='ocrx_word' id='word_1_98' title='bbox 1265 3975 1620 4079; x_wconf 90' lang='lat' dir='ltr'>medio</span> <span class='ocrx_word' id='word_1_99' title='bbox 1678 3989 2027 4080; x_wconf 86' lang='lat' dir='ltr'>totum</span> <span class='ocrx_word' id='word_1_100' title='bbox 2091 4006 2357 4109; x_wconf 87' lang='lat' dir='ltr'>opus</span> <span class='ocrx_word' id='word_1_101' title='bbox 2434 3974 3060 4082; x_wconf 80' lang='lat' dir='ltr'>absoluatur.</span> 
     </span>
    </p>
   </div>
   <div class='ocr_carea' id='block_1_7' title="bbox 1001 4168 4182 4793">
    <p class='ocr_par' dir='ltr' id='par_1_8' title="bbox 1001 4168 4182 4642">
     <span class='ocr_line' id='line_1_16' title="bbox 1222 4168 4181 4312; baseline -0.002 -33"><span class='ocrx_word' id='word_1_102' title='bbox 1222 4174 1637 4302; x_wconf 80' lang='lat' dir='ltr'>Cetera,</span> <span class='ocrx_word' id='word_1_103' title='bbox 1711 4207 1990 4311; x_wconf 89' lang='lat' dir='ltr'>quae</span> <span class='ocrx_word' id='word_1_104' title='bbox 2052 4180 2190 4284; x_wconf 92' lang='lat' dir='ltr'>de</span> <span class='ocrx_word' id='word_1_105' title='bbox 2244 4178 2459 4286; x_wconf 89' lang='lat' dir='ltr'>hoc</span> <span class='ocrx_word' id='word_1_106' title='bbox 2518 4207 2842 4312; x_wconf 91' lang='lat' dir='ltr'>opere</span> <span class='ocrx_word' id='word_1_107' title='bbox 2903 4177 3475 4303; x_wconf 90' lang='lat' dir='ltr'>monenda,</span> <span class='ocrx_word' id='word_1_108' title='bbox 3523 4188 3709 4279; x_wconf 86' lang='lat' dir='ltr'>aut</span> <span class='ocrx_word' id='word_1_109' title='bbox 3754 4168 4181 4279; x_wconf 86' lang='lat' dir='ltr'>vberius</span> 
     </span>
     <span class='ocr_line' id='line_1_17' title="bbox 1001 4337 4182 4480; baseline -0.003 -28"><span class='ocrx_word' id='word_1_110' title='bbox 1001 4343 1675 4476; x_wconf 82' lang='lat' dir='ltr'>exponenda,</span> <span class='ocrx_word' id='word_1_111' title='bbox 1736 4344 1944 4453; x_wconf 94' lang='lat' dir='ltr'>esse</span> <span class='ocrx_word' id='word_1_112' title='bbox 2018 4348 2633 4480; x_wconf 75' lang='lat' dir='ltr'>videantur,</span> <span class='ocrx_word' id='word_1_113' title='bbox 2709 4345 3116 4453; x_wconf 87' lang='lat' dir='ltr'>alterius</span> <span class='ocrx_word' id='word_1_114' title='bbox 3177 4345 3494 4475; x_wconf 86' lang='lat' dir='ltr'>partis</span> <span class='ocrx_word' id='word_1_115' title='bbox 3557 4337 4182 4473; x_wconf 85' lang='lat' dir='ltr'>praefationi</span> 
     </span>
     <span class='ocr_line' id='line_1_18' title="bbox 1160 4508 3981 4642; baseline -0.003 -24"><span class='ocrx_word' id='word_1_116' title='bbox 1160 4512 1680 4622; x_wconf 88' lang='lat' dir='ltr'>reseruare</span> <span class='ocrx_word' id='word_1_117' title='bbox 1729 4519 2036 4627; x_wconf 84' lang='lat' dir='ltr'>satius</span> <span class='ocrx_word' id='word_1_118' title='bbox 2077 4524 2390 4627; x_wconf 91' lang='lat' dir='ltr'>duco.</span> <span class='ocrx_word' id='word_1_119' title='bbox 2497 4518 3182 4642; x_wconf 85' lang='lat' dir='ltr'>Ratisbonae,</span> <span class='ocrx_word' id='word_1_120' title='bbox 3221 4512 3656 4618; x_wconf 89' lang='lat' dir='ltr'>Calend.</span> <span class='ocrx_word' id='word_1_121' title='bbox 3694 4508 3981 4640; x_wconf 89' lang='lat' dir='ltr'>Sept.</span> 
     </span>
    </p>

    <p class='ocr_par' dir='ltr' id='par_1_9' title="bbox 1971 4684 3141 4793">
     <span class='ocr_line' id='line_1_19' title="bbox 1971 4684 3141 4793; baseline -0.015 1"><span class='ocrx_word' id='word_1_122' title='bbox 1971 4691 2108 4793; x_wconf 84' lang='lat' dir='ltr'>A.</span> <span class='ocrx_word' id='word_1_123' title='bbox 2164 4684 2282 4790; x_wconf 88' lang='lat' dir='ltr'>C.</span> <span class='ocrx_word' id='word_1_124' title='bbox 2341 4717 2500 4790; x_wconf 74' lang='lat' dir='ltr'>clo</span> <span class='ocrx_word' id='word_1_125' title='bbox 2561 4716 2656 4788; x_wconf 73' lang='lat'>10</span> <span class='ocrx_word' id='word_1_126' title='bbox 2694 4715 2834 4788; x_wconf 89' lang='lat' dir='ltr'>cc</span> <span class='ocrx_word' id='word_1_127' title='bbox 2872 4713 3141 4784; x_wconf 76' lang='lat' dir='ltr'>Lx11.</span> 
     </span>
    </p>
   </div>
   <div class='ocr_carea' id='block_1_8' title="bbox 1691 4954 3422 5267">
    <p class='ocr_par' dir='ltr' id='par_1_10' title="bbox 1691 4954 3422 5267">
     <span class='ocr_line' id='line_1_20' title="bbox 1691 4954 3422 5267; baseline 0 1358"><span class='ocrx_word' id='word_1_128' title='bbox 1691 4954 3422 5267; x_wconf 95' lang='lat' dir='ltr'> </span> 
     </span>
    </p>
   </div>
   <div class='ocr_carea' id='block_1_9' title="bbox 5198 5137 5212 6117">
    <p class='ocr_par' dir='ltr' id='par_1_11' title="bbox 5198 5137 5212 6117">
     <span class='ocr_line' id='line_1_21' title="bbox 5198 5137 5212 6117; baseline 0 0"><span class='ocrx_word' id='word_1_129' title='bbox 5198 5137 5212 6117; x_wconf 95' lang='lat' dir='ltr'> </span> 
     </span>
    </p>
   </div>
  </div>
 </body>
</html>
