5234 6625
1394 689 2267 806 SERENISSIMI
2328 689 2531 799 AC
2593 688 3594 803 POTENTISSIMI

1668 894 2373 1004 PRINCIPES
2439 887 3330 1028 ELECTORES‚
3476 902 3485 916 '

1071 1101 1776 1218 PRINCIPES
1842 1103 2045 1216 AC
2111 1103 2670 1219 DOMINI
2735 1087 3844 1218 CIEMENTISSIMI
3854 1104 3885 1217 !
4119 1121 4132 1138 '

1016 2002 1253 2121 x}
1315 1908 1620 2029 Ausus
1658 1938 1817 2023 sum
1860 1942 2209 2048 primam
2223 1960 2519 2048 partem
2562 1941 2880 2024 iconum
2921 1963 3191 2024 eorum
3231 1937 3676 2052 fungorum,
3710 1945 3844 2051 qui
3881 1946 3964 2027 in
3993 1960 4143 2028 tra-

875 2105 908 2189 ’ῗ
1116 2232 1123 2240 ξ
1220 2261 1226 2277 ..
1262 2212 1396 2303 ἶ
1325 2108 1732 2240 {fetibus
1775 2132 2084 2217 ditionis
2118 2132 2650 2236 VESTRAE,
2683 2136 2866 2216 huic
2895 2136 3073 2218 vrbi
3101 2137 3406 2234 vicinis,
3425 2140 3841 2242 prouenire
3857 2136 4135 2237 solent,

845 2307 991 2375 ff
1158 2315 1183 2354 „

1050 2242 1137 2336 ⁵?
1389 2383 1396 2386 -
1385 2326 1572 2408 ad
1609 2325 1855 2433 pe'des
1886 2325 2415 2428 VESTROS‚
2449 2352 2602 2435 qua
2621 2324 2736 2409 fas
2770 2323 2881 2409 est
2910 2330 3144 2411 animi
3169 2326 3678 2429 submiffione‚
3710 2328 4133 2435 deponere.

1072 2582 1507 2725 Maximam
1564 2585 1768 2669 hanc
1840 2583 1994 2671 ess‘e
2063 2588 2580 2670 temeritatem
2638 2583 2948 2692 plurimi
2987 2576 3308 2664 fortasse
3356 2577 3835 2682 iudicabunt,
3877 2543 4138 2690 neque

813 2781 973 2889 ipse
1025 2777 1400 2862 diffiteor:
1465 2800 1745 2861 verum
1793 2781 2031 2888 longe
2080 2781 2453 2863 maiorem
2497 2774 2650 2862 effe
2681 2772 3246 2875 VESTRAM,
3277 2771 3836 2858 PRINCIPES
3887 2775 4139 2910 ELE-

814 2969 1242 3058 CTORES
1318 2925 2039 3074 SERENTSSIML'
2105 2973 2419 3080 gratiam
2471 2991 2706 3080 atque
2759 2971 3251 3056 clementiam
3303 2971 3385 3050 in
3435 2970 3820 3071 homines,
3875 2974 4007 3076 qui
4056 2911 4136 3056 se

811 3170 1080 3253 litteris
1132 3162 1542 3266 dederunt,
1589 3166 1759 3271 quis
1801 3160 1939 3265 est,
1982 3166 2116 3272 qui
2155 3166 2461 3274 ignoret
2478 3165 2520 3246 ‘4'
2605 3163 2908 3248 Omnes
2949 3160 3476 3246 admirabundi
3514 3181 3984 3247 venerantur
4019 3117 4137 3251 in·

813 3360 1181 3445 credibile
1220 3358 1413 3442 illud
1460 3384 1550 3441 ac
1589 3360 1822 3466 plane
1851 3358 2211 3442 diuinum
2247 3355 2609 3463 studium,
2644 3382 2804 3467 quo
2844 3357 3400 3466 rempublicam
3438 3358 3873 3440 litterariam
3910 3350 4138 3442 stabi-

811 3556 981 3655 lire,
1035 3555 1264 3653 tueri,
1319 3549 1783 3659 amplificare
1836 3570 2069 3660 atque
2111 3577 2384 3638 ornare
2422 3554 2586 3637 fine
2626 3551 2787 3635 fine
2823 3550 3229 3658 modoque
3270 3550 3764 3634 contenditis,
3931 3551 4034 3633 N
4027 3563 4135 3637 oia

811 3747 983 3834 raas
1050 3742 1163 3829 est
1228 3706 1729 3828 excefflffimis
1793 3747 2061 3828 mamis
2106 3743 2586 3847 vasa-ms,
2648 3741 3203 3829 PRINCIPES
3276 3741 3922 3828 ELECTORES
3973 3746 4136 3828 ΞΕ,

814 3937 1400 4039 RENISSIMI‚
1455 3963 1502 4022 a
1549 3939 1993 4047 regionibus
2035 3937 2114 4021 δι
2151 3938 2464 4045 populis
2502 3935 2643 4019 sub
2683 3938 3209 4046 sapientiffimo
3254 3964 3344 4021 ac
3382 3940 3758 4024 mitiffimo
3808 3942 4138 4048 imperio

815 4130 1260 4215 VESTRO
1312 4131 1771 4216 florentibus
1825 4130 2304 4239 caliginosam
2353 4129 3032 4237 praeiudicatarum
3085 4134 3546 4240 opinionum
3597 4130 3915 4215 nostem
3953 4157 4138 4239 pro·

814 4326 1139 4436 pulsare,
1187 4325 1759 4429 iucundamque
1798 4322 2085 4407 solidae
2138 4348 2229 4406 ac
2279 4319 2714 4407 fructuosae
2762 4324 3125 4409 scientiae
3170 4326 3429 4408 lucem
3470 4329 3704 4433 magis
3743 4328 4139 4434 magisque

680 4626 683 4631 .
821 4517 1304 4604 diffundere:
1401 4539 1680 4602 verum
1745 4518 1974 4599 etiam
2040 4534 2350 4599 exteros
2414 4515 2790 4599 musarum
2850 4518 3187 4600 cultores
3246 4517 3729 4623 prosequitur
3777 4519 4012 4626 gratia
4061 4518 4142 4601 δι
4317 4550 4340 4571 ·

821 4709 1349 4795 munificentia
1401 4708 1866 4810 VESTRA,
1926 4732 2371 4815 eeorumque
2419 4709 2741 4793 mirifice
2792 4713 2996 4792 acuit
3046 4728 3280 4815 atque
3333 4711 3619 4792 excitat
3679 4706 4145 4793 industriam.-

829 4907 1185 5015 Quantus
1231 4906 1359 4986 hic
1399 4905 1589 4987 mihi
1634 4906 1967 5013 aperitur
2008 4925 2350 5008 campus,
2391 4904 2472 4985 in
2517 4924 2677 5007 quo
2717 4901 2941 5006 poffit
2979 4905 3225 4985 oratio
3266 4924 3445 4985 mea
3486 4926 3919 5005 excurrere,
3950 4905 4010 4987 ss
4051 4930 4148 4988 ea

3771 5095 4080 5181 dicendi
